@inproceedings{armisen2016formative,
  title={Formative and Summative Feedback in Solution Generation: The Role of Community and Decision Support System in Open Source Software},
  author={Armisen, Albert and Majchrzak, Ann and Brunswicker, Sabine},
  booktitle= {Proceedings of the International Conference on Information Systems (ICIS 2016)},
  year={2016},
  publisher={Association for Information Systems},
    address = "Atlanta", 
}



@inproceedings{teixeira_et_al_icis2016,
  title={Cooperation among competitors in the open-source arena: The case of OpenStack},
  author={Teixeira, Jose and Mian, Salman and Hytti, Ulla},
 booktitle= {Proceedings of the International Conference on Information Systems (ICIS 2016)},
  year={2016},
  publisher={Association for Information Systems}, 
  address = "Atlanta", 
}
